<record><leader>00000cas a22000007a 4500</leader><controlfield tag="001">11641925</controlfield><controlfield tag="008">850131d18741894wiuwn ne      0    0eng d</controlfield><datafield ind1=" " ind2=" " tag="010"><subfield code="a">sn 85040068 </subfield></datafield><datafield ind1=" " ind2=" " tag="040"><subfield code="a">NPV</subfield><subfield code="b">eng</subfield><subfield code="c">NPV</subfield><subfield code="d">NVF</subfield><subfield code="d">OCLCQ</subfield></datafield><datafield ind1=" " ind2=" " tag="042"><subfield code="a">msc</subfield></datafield><datafield ind1=" " ind2=" " tag="043"><subfield code="a">n-us-wi</subfield></datafield><datafield ind1=" " ind2=" " tag="045"><subfield code="a">w7w9</subfield></datafield><datafield ind1=" " ind2=" " tag="052"><subfield code="a">4123</subfield><subfield code="b">W2</subfield></datafield><datafield ind1="0" ind2="0" tag="245"><subfield code="a">Lake Geneva cisco.</subfield></datafield><datafield ind1=" " ind2=" " tag="260"><subfield code="a">Lake Geneva, Wis. :</subfield><subfield code="b">J.E. Heg</subfield></datafield><datafield ind1=" " ind2=" " tag="300"><subfield code="a">v. :</subfield><subfield code="b">ill.</subfield></datafield><datafield ind1=" " ind2=" " tag="310"><subfield code="a">Weekly (during summer)</subfield></datafield><datafield ind1="1" ind2=" " tag="362"><subfield code="a">Began in June 1874; ceased in Sept. 1894.</subfield><subfield code="z">Cf. Oehlerts, d. Guide to Wis. newspapers.</subfield></datafield><datafield ind1=" " ind2=" " tag="500"><subfield code="a">Editor: J.E. Heg.</subfield></datafield><datafield ind1=" " ind2=" " tag="588"><subfield code="a">Description based on: Vol. 3, no. 5 (July 16, 1881).</subfield></datafield><datafield ind1=" " ind2="4" tag="651"><subfield code="a">Lake Geneva (Wis.)</subfield><subfield code="v">Newspapers.</subfield></datafield><datafield ind1=" " ind2=" " tag="752"><subfield code="a">United States</subfield><subfield code="b">Wisconsin</subfield><subfield code="c">Walworth</subfield><subfield code="d">Lake Geneva.</subfield></datafield></record>